<?xml version="1.0" encoding="UTF-8"?><collection xmlns="http://www.loc.gov/MARC21/slim"><record><leader>00423nam--2200169-i-4500</leader><controlfield tag="001">000014146</controlfield><controlfield tag="002">20161230</controlfield><controlfield tag="005">20170124004952</controlfield><controlfield tag="008">060222s1000------------r-----000-0-eng-d</controlfield><datafield ind1=" " ind2=" " tag="080"><subfield code="a">541.8:546.17:546.217</subfield></datafield><datafield ind1=" " ind2=" " tag="245"><subfield code="a">Nitrogen and air</subfield></datafield><datafield ind1=" " ind2=" " tag="260"><subfield code="a">Oxford</subfield><subfield code="b">Pergamon Press</subfield><subfield code="c">1982</subfield></datafield><datafield ind1=" " ind2=" " tag="300"><subfield code="a">XIV + 570 p</subfield></datafield><datafield ind1=" " ind2=" " tag="490"><subfield code="a">Solubility Data Series</subfield></datafield><datafield ind1=" " ind2=" " tag="700"><subfield code="a">Battino, Rubino</subfield></datafield><datafield ind1=" " ind2=" " tag="852"><subfield code="a">47014</subfield></datafield><datafield ind1=" " ind2=" " tag="CAT"><subfield code="a">SYS</subfield><subfield code="c">20170124</subfield><subfield code="h">004952</subfield></datafield></record></collection>